<?xml version="1.0" encoding="UTF-8"?>
<collection xmlns:xsi="http://www.w3.org/2001/XMLSchema-instance" xsi:schemaLocation="http://www.loc.gov/MARC21/slim http://www.loc.gov/standards/marcxml/schema/MARC21slim.xsd" xmlns="http://www.loc.gov/MARC21/slim">
<record>
  <leader>01009cam a2200265 a 4500</leader>
  <controlfield tag="001">2872144</controlfield>
  <controlfield tag="003">NNC</controlfield>
  <controlfield tag="005">20130425234911.0</controlfield>
  <controlfield tag="008">820514m19321974ua a          000 0 arard</controlfield>
  <datafield tag="035" ind1=" " ind2=" ">
    <subfield code="a">(OCoLC)ocm08429438</subfield>
  </datafield>
  <datafield tag="035" ind1=" " ind2=" ">
    <subfield code="9">ASA6734CU</subfield>
  </datafield>
  <datafield tag="035" ind1=" " ind2=" ">
    <subfield code="a">(NNC)2872144</subfield>
  </datafield>
  <datafield tag="040" ind1=" " ind2=" ">
    <subfield code="a">CLU</subfield>
    <subfield code="c">CLU</subfield>
    <subfield code="d">OCL</subfield>
    <subfield code="d">ZCU</subfield>
  </datafield>
  <datafield tag="090" ind1=" " ind2=" ">
    <subfield code="a">BP130.4</subfield>
    <subfield code="b">.J27</subfield>
  </datafield>
  <datafield tag="100" ind1="1" ind2=" ">
    <subfield code="a">Jawharī, Ṭanṭāwī,</subfield>
    <subfield code="d">1862-1940.</subfield>
  </datafield>
  <datafield tag="245" ind1="1" ind2="3">
    <subfield code="a">al-Jawāhir fi tafsīr al-Qurʾan al-karīm :</subfield>
    <subfield code="b">al-mushtamil ʻala ʻajaʾib badaʾiʻ al-makūnāt wa-gharaʾib al-ayāt al-bahirāt /</subfield>
    <subfield code="c">taʾlīf Ṭanṭāwī Jawharī.</subfield>
  </datafield>
  <datafield tag="250" ind1=" " ind2=" ">
    <subfield code="a">2. al-tabʻah.</subfield>
  </datafield>
  <datafield tag="260" ind1=" " ind2=" ">
    <subfield code="a">[Cairo] :</subfield>
    <subfield code="b">Muṣtafa al-Bābi al-Halabi,</subfield>
    <subfield code="c">1932.</subfield>
  </datafield>
  <datafield tag="300" ind1=" " ind2=" ">
    <subfield code="a">25 v. in 13 :</subfield>
    <subfield code="b">ill. ;</subfield>
    <subfield code="c">28 cm.</subfield>
  </datafield>
  <datafield tag="500" ind1=" " ind2=" ">
    <subfield code="a">Vol. 25 is bound with v. 1 of the author's Mulḥaq al-Jawāhir.</subfield>
  </datafield>
  <datafield tag="500" ind1=" " ind2=" ">
    <subfield code="a">Vol. 2-25, 3rd ed., 1974.</subfield>
  </datafield>
  <datafield tag="630" ind1="0" ind2="0">
    <subfield code="a">Qurʼan</subfield>
    <subfield code="v">Commentaries.</subfield>
  </datafield>
  <datafield tag="630" ind1="0" ind2="0">
    <subfield code="a">Qurʼan</subfield>
    <subfield code="x">Hermeneutics.</subfield>
  </datafield>
  <datafield tag="700" ind1="1" ind2=" ">
    <subfield code="a">Jawharī, Ṭanṭāwī,</subfield>
    <subfield code="d">1862-1940.</subfield>
    <subfield code="t">Mulḥaq al-Jawahir.</subfield>
    <subfield code="f">1974.</subfield>
  </datafield>
  <datafield tag="955" ind1=" " ind2=" ">
    <subfield code="b">0036758418</subfield>
    <subfield code="d">glx</subfield>
    <subfield code="e">BP130.4 .J27</subfield>
    <subfield code="v">v.7-8</subfield>
  </datafield>
</record>
</collection>